@inproceedings{4sdrug,
author = {Tan, Yanchao and Kong, Chengjun and Yu, Leisheng and Li, Pan and Chen, Chaochao and Zheng, Xiaolin and Hertzberg, Vicki S. and Yang, Carl},
title = {4SDrug: Symptom-based Set-to-set Small and Safe Drug Recommendation},
year = {2022},
isbn = {9781450393850},
publisher = {Association for Computing Machinery},
address = {New York, NY, USA},
url = {https://doi.org/10.1145/3534678.3539089},
doi = {10.1145/3534678.3539089},
booktitle = {Proceedings of the 28th ACM SIGKDD Conference on Knowledge Discovery and Data Mining},
pages = {3970â€“3980},
numpages = {11},
keywords = {drug recommendation, set-to-set comparison, small and safe drug sets, symptom-based},
location = {Washington DC, USA},
series = {KDD '22}
}

@misc{4sdrug_github,
  author       = {Melinda315},
  title        = {4SDrug: Symptom-based Set-to-set Small and Safe Drug Recommendation},
  year         = {2022},
  howpublished = {\url{https://github.com/Melinda315/4SDrug}},
  note         = {Accessed: 2025-04-08}
}

@inproceedings{yang2021safedrug,
    title = {SafeDrug: Dual Molecular Graph Encoders for Safe Drug Recommendations},
    author = {Yang, Chaoqi and Xiao, Cao and Ma, Fenglong and Glass, Lucas and Sun, Jimeng},
    booktitle = {Proceedings of the Thirtieth International Joint Conference on
               Artificial Intelligence, {IJCAI} 2021},
    year = {2021}
}

@misc{safedrug_github,
  author       = {ycq091044},
  title        = {SafeDrug: A Safe Drug Recommendation Framework for Electronic Health Records},
  year         = {2021},
  howpublished = {GitHub repository},
  note         = {Available at: https://github.com/ycq091044/SafeDrug, Accessed: 2025-04-08}
}

@inproceedings{shang2019gamenet,
  author    = {Shang, Jingbo and Xiao, Cao and Ma, Tianming and Li, Hongyan and Sun, Jimeng},
  title     = {{GAMENet}: Graph Augmented Memory Networks for Recommending Medication Combination},
  booktitle = {Proceedings of the AAAI Conference on Artificial Intelligence},
  year      = {2019},
  pages     = {1126--1133},
  volume    = {33},
  number    = {01},
  publisher = {AAAI Press}
}

@misc{mimiciii,
  author = {Johnson, Alistair E. W. and Pollard, Tom J. and Shen, Lu and Lehman, Li-wei H. and Feng, Mengling and Ghassemi, Mohammad and Moody, Benjamin and Szolovits, Peter and Celi, Leo Anthony and Mark, Roger G.},
  title = {MIMIC-III, a freely accessible critical care database},
  year = {2016},
  url = {https://physionet.org/content/mimiciii/1.4/},
  note = {Accessed: 2025-04-08},
  publisher = {PhysioNet}
}

@article{twosides,
  author    = {Tatonetti, Nicholas P. and Ye, Patrick P. and Daneshjou, Roxana and Altman, Russ B.},
  title     = {Data-driven prediction of drug effects and interactions},
  journal   = {Science Translational Medicine},
  volume    = {4},
  number    = {125},
  pages     = {125ra31--125ra31},
  year      = {2012},
  publisher = {American Association for the Advancement of Science},
  doi       = {10.1126/scitranslmed.3003377}
}